
@book{hrbacek_introduction_1999,
	title = {Introduction to Set Theory, Third Edition, Revised and Expanded},
	isbn = {978-0-8247-7915-3},
	abstract = {Thoroughly revised, updated, expanded, and reorganized to serve as a primary text for mathematics courses, Introduction to Set Theory, Third Edition covers the basics: relations, functions, orderings, finite, countable, and uncountable sets, and cardinal and ordinal numbers. It also provides five additional self-contained chapters, consolidates the material on real numbers into a single updated chapter affording flexibility in course design, supplies end-of-section problems, with hints, of varying degrees of difficulty, includes new material on normal forms and Goodstein sequences, and adds important recent ideas including filters, ultrafilters, closed unbounded and stationary sets, and partitions.},
	pagetotal = {320},
	publisher = {{CRC} Press},
	author = {Hrbacek, Karel and Jech, Thomas},
	date = {1999-06-22},
	langid = {english},
	note = {Google-Books-{ID}: Er1r0n7VoSEC},
	keywords = {Mathematics / Set Theory},
}
